@book{aluffi09,
   title =     {Algebra: Chapter 0},
   author =    {Aluffi, Paolo},
   publisher = {American Mathematical Society},
   isbn =      {9780821847817},
   year =      {2009},
   series =    {},
   edition =   {},
   volume =    {}
}

@book{kallenberg97,
   title =     {Foundations of Modern Probability},
   author =    {Olav Kallenberg},
   publisher = {Springer},
   isbn =      {9780387949574,9780387227047},
   year =      {1997},
   series =    {Springer Series in Statistics. Probability and Its Applications.},
   edition =   {1st},
   volume =    {}
}