@book{jech06,
   title =     {Set Theory},
   author =    {Thomas Jech},
   publisher = {Springer},
   isbn =      {9780123819505},
   year =      {2006},
   series =    {Pure and applied mathematics, a series of monographs and textbooks 79},
   edition =   {The Third Millennium Edition, revised and expanded},
   volume =    {}
}

@book{grimaldi04,
   title =     {Discrete and Combinatorial Mathematics: An Applied Introduction},
   author =    {Ralph P. Grimaldi},
   publisher = {Pearson},
   isbn =      {9780201726343},
   year =      {2004},
   series =    {},
   edition =   {5},
   volume =    {}
}